<?xml version="1.0" encoding="utf-8"?>
<record xmlns="http://www.loc.gov/MARC21/slim" xmlns:xsi="http://www.w3.org/2001/XMLSchema-instance" xsi:schemaLocation="http://www.loc.gov/MARC21/slim http://www.loc.gov/standards/marcxml/schema/MARC21slim.xsd">
	<leader>     nam a22     Mi 4500</leader>
	<controlfield tag="001">2770772</controlfield>
	<controlfield tag="003">NNC</controlfield>
	<controlfield tag="006">m        d        </controlfield>
	<controlfield tag="007">cr cn |||m|||a</controlfield>
	<controlfield tag="008">190404r19651914iq      o     000 0 ara  </controlfield>
	<datafield ind1=" " ind2=" " tag="040">
		<subfield code="a">ZYU</subfield>
		<subfield code="b">ara</subfield>
		<subfield code="e">rda</subfield>
		<subfield code="c">ZYU</subfield>
	</datafield>
	<datafield ind1=" " ind2=" " tag="043">
		<subfield code="a">a-ir---</subfield>
		<subfield code="a">a------</subfield>
		<subfield code="a">f------</subfield>
	</datafield>
	<datafield ind1="0" ind2="0" tag="050">
		<subfield code="a">DS272</subfield>
		<subfield code="b">.I24</subfield>
	</datafield>
	<datafield ind1="1" ind2="4" tag="082">
		<subfield code="a">955</subfield>
		<subfield code="b">M687 V.1</subfield>
	</datafield>
	<datafield ind1="1" ind2=" " tag="100">
		<subfield code="6">880-01</subfield>
		<subfield code="a">Ibn Miskawayh, Aḥmad ibn Muḥammad,</subfield>
		<subfield code="d">-1030.</subfield>
	</datafield>
	<datafield ind1="1" ind2="0" tag="240">
		<subfield code="6">880-02</subfield>
		<subfield code="a">Tajārib al-umam</subfield>
	</datafield>
	<datafield ind1="1" ind2="0" tag="245">
		<subfield code="6">880-03</subfield>
		<subfield code="a">Kitāb tajārib al-umam /</subfield>
		<subfield code="c">li-Abī ʻAlī Aḥmad ibn Muḥammad al-maʻrūf bi-Miskawayh ; maʻ nukhab min tawārīkh shattā tataʻallaq bil-umūr al-madhkūrah fīhi wa-qad iʻtanā bil-naskh wa-al-taṣḥīḥ H.F. Āmidrūz.</subfield>
	</datafield>
	<datafield ind1="3" ind2="0" tag="246">
		<subfield code="6">880-04</subfield>
		<subfield code="a">Tajārib al-umam</subfield>
	</datafield>
	<datafield ind1="1" ind2=" " tag="246">
		<subfield code="6">880-05</subfield>
		<subfield code="i">Vol. 3 has title:</subfield>
		<subfield code="a">Dhayl Kitāb tajārib al-umam</subfield>
	</datafield>
	<datafield ind1="1" ind2="8" tag="246">
		<subfield code="a">Tajärub al-umam</subfield>
	</datafield>
	<datafield ind1="1" ind2=" " tag="246">
		<subfield code="i">Vol. 3 has spine title:</subfield>
		<subfield code="a">Dhail tajärub al-umam</subfield>
	</datafield>
	<datafield ind1=" " ind2=" " tag="260">
		<subfield code="6">880-06</subfield>
		<subfield code="a">Baghdād :</subfield>
		<subfield code="b">Yuṭlab min Maktabat al-Muthanná,</subfield>
		<subfield code="c">[1965?]</subfield>
	</datafield>
	<datafield ind1=" " ind2=" " tag="300">
		<subfield code="a">online resource (4 volumes in 3.)</subfield>
	</datafield>
	<datafield ind1=" " ind2=" " tag="336">
		<subfield code="a">text</subfield>
		<subfield code="2">rdacontent</subfield>
	</datafield>
	<datafield ind1=" " ind2=" " tag="337">
		<subfield code="a">computer</subfield>
		<subfield code="2">rdamedia</subfield>
	</datafield>
	<datafield ind1=" " ind2=" " tag="338">
		<subfield code="a">online resource</subfield>
		<subfield code="2">rdacarrier</subfield>
	</datafield>
	<datafield ind1=" " ind2=" " tag="500">
		<subfield code="a">On cover, v. 3-4: History of Hiläl as-Säbi (part 8), by Hiläl ibn al-Muhassin as-Sabi.</subfield>
	</datafield>
	<datafield ind1=" " ind2=" " tag="500">
		<subfield code="a">Photoreproduction of the 1914-19 ed., prepared by H.F. Amedroz and D.S. Margoliouth, and published in Cairo.</subfield>
	</datafield>
	<datafield ind1=" " ind2=" " tag="500">
		<subfield code="a">Part of the Arabic Collections Online (ACO) project, contributed by Columbia University Libraries.</subfield>
	</datafield>
	<datafield ind1="0" ind2=" " tag="505">
		<subfield code="6">880-07</subfield>
		<subfield code="a">juzʼ 1. Sanat 295-329 h. -- juzʼ 2. Sanat 329-369 h. -- juzʼ 3-4. Dhayl Kitāb tajārib al-umam, lil-wazīr Abī Shujāʻ, sanat 369-389 h. al-Juzʼ al-thāmin min Taʼrīkh Hilāl ibn al-Muḥassin al-Ṣābī, sanat 389-393 h. 2 v. in 1.</subfield>
	</datafield>
	<datafield ind1=" " ind2=" " tag="533">
		<subfield code="a">Electronic reproduction.</subfield>
		<subfield code="b">New York, N.Y. :</subfield>
		<subfield code="c">New York University,</subfield>
		<subfield code="d">2019.</subfield>
		<subfield code="5">NNU</subfield>
	</datafield>
	<datafield ind1=" " ind2="0" tag="651">
		<subfield code="a">Iran</subfield>
		<subfield code="x">History.</subfield>
	</datafield>
	<datafield ind1=" " ind2="0" tag="651">
		<subfield code="a">Islamic Empire</subfield>
		<subfield code="x">History.</subfield>
	</datafield>
	<datafield ind1=" " ind2="7" tag="651">
		<subfield code="a">Iran.</subfield>
		<subfield code="2">fast</subfield>
		<subfield code="0">(OCoLC)fst01204889</subfield>
	</datafield>
	<datafield ind1=" " ind2="7" tag="651">
		<subfield code="a">Islamic Empire.</subfield>
		<subfield code="2">fast</subfield>
		<subfield code="0">(OCoLC)fst01244134</subfield>
	</datafield>
	<datafield ind1=" " ind2="7" tag="655">
		<subfield code="a">History.</subfield>
		<subfield code="2">fast</subfield>
		<subfield code="0">(OCoLC)fst01411628</subfield>
	</datafield>
	<datafield ind1="1" ind2=" " tag="700">
		<subfield code="6">880-08</subfield>
		<subfield code="a">Rūdhrāwarī, Abū Shujāʻ Muḥammad ibn al-Ḥusayn,</subfield>
		<subfield code="d">1045-1095.</subfield>
	</datafield>
	<datafield ind1="1" ind2=" " tag="700">
		<subfield code="6">880-09</subfield>
		<subfield code="a">Ṣābī, Hilāl ibn al-Muḥassin,</subfield>
		<subfield code="d">970-1056.</subfield>
	</datafield>
	<datafield ind1="1" ind2=" " tag="700">
		<subfield code="a">Amedroz, H. F.</subfield>
		<subfield code="q">(Henry Frederick),</subfield>
		<subfield code="d">1855-1917.</subfield>
	</datafield>
	<datafield ind1="1" ind2=" " tag="700">
		<subfield code="a">Margoliouth, D. S.</subfield>
		<subfield code="q">(David Samuel),</subfield>
		<subfield code="d">1858-1940.</subfield>
	</datafield>
	<datafield ind1="2" ind2=" " tag="710">
		<subfield code="a">Columbia University.</subfield>
		<subfield code="b">Libraries.</subfield>
	</datafield>
	<datafield ind1="0" ind2=" " tag="730">
		<subfield code="a">Arabic Collections Online.</subfield>
	</datafield>
	<datafield ind1="0" ind2=" " tag="740">
		<subfield code="a">History of Hiläl as-Säbi.</subfield>
	</datafield>
	<datafield ind1="0" ind2="8" tag="776">
		<subfield code="i">Online version:</subfield>
		<subfield code="a">Ibn Miskawayh, Aḥmad ibn Muḥammad, -1030.</subfield>
		<subfield code="t">Kitāb tajārib al-umam.</subfield>
		<subfield code="d">Baghdād, yuṭlab min Maktabat al-Muthanná [1965?]</subfield>
		<subfield code="w">(OCoLC)568502065</subfield>
	</datafield>
	<datafield ind1="0" ind2="8" tag="776">
		<subfield code="i">Print version:</subfield>
		<subfield code="a">Ibn Miskawayh, Aḥmad ibn Muḥammad, -1030.</subfield>
		<subfield code="t">Kitāb tajārib al-umam</subfield>
		<subfield code="w">(NNC)2770772</subfield>
		<subfield code="w">(DLC)ne 68004322 </subfield>
		<subfield code="w">(OCoLC)15341137</subfield>
	</datafield>
	<datafield ind1="4" ind2="0" tag="856">
		<subfield code="u">http://hdl.handle.net/2333.1/612jmf75</subfield>
	</datafield>
	<datafield ind1="1" ind2=" " tag="880">
		<subfield code="6">100-01</subfield>
		<subfield code="a">ابن مسكويه، احمد بن محمد،</subfield>
		<subfield code="d">-1030.</subfield>
	</datafield>
	<datafield ind1="1" ind2="0" tag="880">
		<subfield code="6">240-02</subfield>
		<subfield code="a">تجارب الأمم.</subfield>
		<subfield code="k">مختارات</subfield>
	</datafield>
	<datafield ind1="1" ind2="0" tag="880">
		<subfield code="6">245-03</subfield>
		<subfield code="a">كتاب تجارب الامم /</subfield>
		<subfield code="c">لأبي علي احمد بن محمد المعروف بمسكوية ؛ مع نخب من تواريخ شتى تتعلق بالامور المذكورة فيه وقد اعتنى بالنسخ و التصحيح ه. ف. آمدروز.</subfield>
	</datafield>
	<datafield ind1="3" ind2="0" tag="880">
		<subfield code="6">246-04</subfield>
		<subfield code="a">تجارب الامم</subfield>
	</datafield>
	<datafield ind1="1" ind2=" " tag="880">
		<subfield code="6">246-05</subfield>
		<subfield code="i">Vol. 3 has title:</subfield>
		<subfield code="a">ذيل كتاب تجارب الامم</subfield>
	</datafield>
	<datafield ind1=" " ind2=" " tag="880">
		<subfield code="6">260-06</subfield>
		<subfield code="a">بغداد :</subfield>
		<subfield code="b">يطلب من مكتبة المثنى،</subfield>
		<subfield code="c">[1965؟]</subfield>
	</datafield>
	<datafield ind1="0" ind2=" " tag="880">
		<subfield code="6">505-07</subfield>
		<subfield code="a">جزء 1. سنة 295-329 هـ -- جزء 2. سنة 329-369 هـ -- جزء 3-4. ذيل كتاب تجارب الامم، للوزير ابي شجاع، سنة 369-389 هـ. الجزء الثامن من تأريخ هلال بن المحسن الصابي، سنة 389-393 هـ.</subfield>
	</datafield>
	<datafield ind1="1" ind2=" " tag="880">
		<subfield code="6">700-08</subfield>
		<subfield code="a">روذراوري، ابو شجاع محمد بن الحسين،,</subfield>
		<subfield code="d">1045-1095.</subfield>
	</datafield>
	<datafield ind1="1" ind2=" " tag="880">
		<subfield code="6">700-09</subfield>
		<subfield code="a">صابي، هلال بن المحسن،</subfield>
		<subfield code="d">970-1056.</subfield>
	</datafield>
	<datafield ind1=" " ind2=" " tag="959">
		<subfield code="a">NNU</subfield>
		<subfield code="b">WEB</subfield>
		<subfield code="c">GENI</subfield>
		<subfield code="t">0</subfield>
		<subfield code="m">Electronic access</subfield>
		<subfield code="s">01</subfield>
	</datafield>
	<datafield ind1=" " ind2=" " tag="999">
		<subfield code="i">NNC_2770772</subfield>
		<subfield code="o">(OCoLC)ocm15341137</subfield>
		<subfield code="s">columbia_aco004090:v.1</subfield>
		<subfield code="s">columbia_aco004091:v.2</subfield>
		<subfield code="s">columbia_aco004092:v.3</subfield>
		<subfield code="e">(ERROR-880)</subfield>
		<subfield code="s">columbia_aco004090:v.1</subfield>
		<subfield code="s">columbia_aco004091:v.2</subfield>
		<subfield code="s">columbia_aco004092:v.3</subfield>
	</datafield>
</record>
